<?xml version="1.0" encoding="UTF-8"?><collection xmlns="http://www.loc.gov/MARC21/slim"><record><leader>00583nam--2200181-i-4500</leader><controlfield tag="001">000031731</controlfield><controlfield tag="002">20161230</controlfield><controlfield tag="005">20161230201038</controlfield><controlfield tag="008">060222s1000------------r-----000-0-eng-d</controlfield><datafield ind1=" " ind2=" " tag="040"><subfield code="a">IFIN-HH</subfield></datafield><datafield ind1=" " ind2=" " tag="080"><subfield code="a">530.1</subfield></datafield><datafield ind1=" " ind2=" " tag="100"><subfield code="a">Mahanthappa, Kalyana T</subfield></datafield><datafield ind1="1" ind2="0" tag="245"><subfield code="a">Lectures in theoretical physics vol xi-a part i.elementary prticle physics</subfield><subfield code="c">KALYANA T. MAHANTHAPPA, WESLEY E. BRITTIN, ASIM O. BARUT (eds.)</subfield></datafield><datafield ind1=" " ind2=" " tag="260"><subfield code="a">New York</subfield><subfield code="b">Gordon And Breach, Science Publishers</subfield><subfield code="c">1969</subfield></datafield><datafield ind1=" " ind2=" " tag="300"><subfield code="a">XXI+629 P</subfield></datafield><datafield ind1="1" ind2=" " tag="700"><subfield code="a">Barut, Asim O</subfield></datafield><datafield ind1=" " ind2=" " tag="852"><subfield code="a">15333</subfield><subfield code="c">530.1</subfield></datafield><datafield ind1=" " ind2=" " tag="CAT"><subfield code="a">Sys</subfield><subfield code="c">20160418</subfield><subfield code="h">101152</subfield></datafield></record></collection>